<record xmlns:xsi="http://www.w3.org/2001/XMLSchema-instance" xmlns="http://www.loc.gov/MARC21/slim" xsi:schemaLocation="http://www.loc.gov/MARC21/slim http://www.loc.gov/standards/marcxml/schema/MARC21slim.xsd">

  <leader>00667nam a2200181   4500</leader>
  <controlfield tag="008">150807b2013    cr ||||| |||| 00| | spa d</controlfield>
  <datafield ind2=" " ind1=" " tag="090">
    <subfield code="a">05.03.01 </subfield>
    <subfield code="b">2164 </subfield>
  </datafield>
  <datafield ind2=" " tag="100" ind1="1">
    <subfield code="9">763</subfield>
    <subfield code="a">Muñoz Varela, Luis</subfield>
  </datafield>
  <datafield ind2="0" tag="245" ind1="1">
    <subfield code="a">Cartografía analítica y prospectiva de la comunidad investigadora de la Universidad de Costa Rica / </subfield>
    <subfield code="c">Luis Muñoz Varela</subfield>
  </datafield>
  <datafield ind2=" " ind1=" " tag="260">
    <subfield code="a">San José, Costa Rica :</subfield>
    <subfield code="b">INIE,</subfield>
    <subfield code="c">2013</subfield>
  </datafield>
  <datafield ind2=" " tag="300" ind1=" ">
    <subfield code="a">113 páginas</subfield>
  </datafield>
  <datafield tag="500" ind1=" " ind2=" ">
    <subfield code="a">Informe final Proyecto de Investigación N° 246-B2-353</subfield>
  </datafield>
  <datafield ind1="2" tag="610" ind2="4">
    <subfield code="9">714</subfield>
    <subfield code="a">UNIVERSIDAD DE COSTA RICA</subfield>
  </datafield>
  <datafield ind2="4" tag="650" ind1="1">
    <subfield code="9">642</subfield>
    <subfield code="a">SOCIEDAD DE LA INFORMACIÓN </subfield>
  </datafield>
  <datafield ind2="4" ind1="1" tag="650">
    <subfield code="9">764</subfield>
    <subfield code="a">REDES ACADÉMICAS</subfield>
  </datafield>
  <datafield ind2="4" tag="650" ind1="1">
    <subfield code="9">765</subfield>
    <subfield code="a">INVESTIGADORES</subfield>
  </datafield>
  <datafield ind1=" " tag="942" ind2=" ">
    <subfield code="2">z</subfield>
    <subfield code="c">01</subfield>
  </datafield>
  <datafield tag="999" ind1=" " ind2=" ">
    <subfield code="c">2795</subfield>
    <subfield code="d">2795</subfield>
  </datafield>
</record>